<record><leader>00000cas a22000007a 4500</leader><controlfield tag="001">12102562</controlfield><controlfield tag="008">850531d18961898iauwr ne      0    0eng d</controlfield><datafield ind1=" " ind2=" " tag="010"><subfield code="a">sn 85050814 </subfield></datafield><datafield ind1=" " ind2=" " tag="040"><subfield code="a">INP</subfield><subfield code="b">eng</subfield><subfield code="c">INP</subfield><subfield code="d">DLC</subfield><subfield code="d">OCLCQ</subfield></datafield><datafield ind1=" " ind2=" " tag="042"><subfield code="a">msc</subfield></datafield><datafield ind1="0" ind2=" " tag="130"><subfield code="a">Record (Roland, Iowa)</subfield></datafield><datafield ind1="1" ind2="4" tag="245"><subfield code="a">The Record.</subfield></datafield><datafield ind1=" " ind2=" " tag="260"><subfield code="a">Roland, Iowa :</subfield><subfield code="b">Armstrong &amp; Son,</subfield><subfield code="c">1896-1898.</subfield></datafield><datafield ind1=" " ind2=" " tag="300"><subfield code="a">3 v. :</subfield><subfield code="b">ill. ;</subfield><subfield code="c">52-57 cm.</subfield></datafield><datafield ind1=" " ind2=" " tag="310"><subfield code="a">Weekly</subfield></datafield><datafield ind1="0" ind2=" " tag="362"><subfield code="a">Vol. 2, no. 9 (Apr. 24, 1896)-v. 4, no. 44 (Dec. 23, 1898).</subfield></datafield><datafield ind1=" " ind2=" " tag="500"><subfield code="a">Publisher: Chas. E. Armstrong, July 30, 1897-1898.</subfield></datafield><datafield ind1=" " ind2=" " tag="752"><subfield code="a">United States</subfield><subfield code="b">Iowa</subfield><subfield code="c">Story</subfield><subfield code="d">Roland.</subfield></datafield><datafield ind1="0" ind2="0" tag="780"><subfield code="t">Roland record (Roland, Iowa : 1895)</subfield><subfield code="w">(DLC)sn 85050813</subfield></datafield><datafield ind1="0" ind2="0" tag="785"><subfield code="t">Roland record (Roland, Iowa : 1898)</subfield><subfield code="w">(DLC)sn 85050753</subfield></datafield></record>